<?xml version="1.0" encoding="UTF-8"?><collection xmlns="http://www.loc.gov/MARC21/slim"><record><leader>00534nam--2200193-u-4500</leader><controlfield tag="001">000055290</controlfield><controlfield tag="002">20161230</controlfield><controlfield tag="005">20161230201052</controlfield><controlfield tag="008">121210s1000------------r-----000-0-rus-d</controlfield><datafield ind1=" " ind2=" " tag="040"><subfield code="a">IFIN-HH</subfield></datafield><datafield ind1=" " ind2=" " tag="041"><subfield code="a">rus</subfield></datafield><datafield ind1=" " ind2=" " tag="080"><subfield code="a">539.217:537.311.33</subfield></datafield><datafield ind1="1" ind2=" " tag="100"><subfield code="a">Boltaks, B.I</subfield></datafield><datafield ind1="1" ind2="0" tag="245"><subfield code="a">Diffuzia v poluprovodnikah</subfield><subfield code="c">B.i. boltaks</subfield></datafield><datafield ind1=" " ind2=" " tag="260"><subfield code="a">Moskva</subfield><subfield code="b">Fiziko-matematiceskoi Literaturi</subfield><subfield code="c">1961</subfield></datafield><datafield ind1=" " ind2=" " tag="300"><subfield code="a">462P</subfield></datafield><datafield ind1=" " ind2=" " tag="490"><subfield code="a">Fizika Poluprovodnikov I Poluprovodnikovih Priborov</subfield></datafield><datafield ind1=" " ind2=" " tag="852"><subfield code="a">3627</subfield><subfield code="c">539.217</subfield></datafield><datafield ind1=" " ind2=" " tag="CAT"><subfield code="a">Sys</subfield><subfield code="c">20121210</subfield><subfield code="h">102121</subfield></datafield></record></collection>